@misc{shavit2019extracting,
  title = {Extracting Incentives from Black-Box Decisions},
  booktitle = {arXiv preprint},
  series = {arXiv},
  author = {Shavit, Yonadav and Moses, William S.},
  year = {2019},
  eprint = {1910.05664},
  archiveprefix = {arXiv},
  primaryclass = {cs.LG},
  pdf = {https://arxiv.org/pdf/1910.05664.pdf}
}

@article{bjornsson2009cadiaplayer,
  title={Cadiaplayer: A simulation-based general game player},
  author={Bjornsson, Yngvi and Finnsson, Hilmar},
  journal={IEEE Transactions on Computational Intelligence and AI in Games},
  volume={1},
  number={1},
  pages={4--15},
  year={2009},
  publisher={IEEE}
}
@inproceedings{chaslot2008parallel,
  title={Parallel monte-carlo tree search},
  author={Chaslot, Guillaume MJ-B and Winands, Mark HM and van Den Herik, H Jaap},
  booktitle={International Conference on Computers and Games},
  pages={60--71},
  year={2008},
  organization={Springer}
}
@article{browne2012survey,
  title={A survey of monte carlo tree search methods},
  author={Browne, Cameron B and Powley, Edward and Whitehouse, Daniel and Lucas, Simon M and Cowling, Peter I and Rohlfshagen, Philipp and Tavener, Stephen and Perez, Diego and Samothrakis, Spyridon and Colton, Simon},
  journal={IEEE Transactions on Computational Intelligence and AI in games},
  volume={4},
  number={1},
  pages={1--43},
  year={2012},
  publisher={IEEE}
}
@article{auer2002finite,
  title={Finite-time analysis of the multiarmed bandit problem},
  author={Auer, Peter and Cesa-Bianchi, Nicolo and Fischer, Paul},
  journal={Machine learning},
  volume={47},
  number={2-3},
  pages={235--256},
  year={2002},
  publisher={Springer}
}
@article{adams2019learning,
  title={Learning to optimize halide with tree search and random programs},
  author={Adams, Andrew and Ma, Karima and Anderson, Luke and Baghdadi, Riyadh and Li, Tzu-Mao and Gharbi, Michael and Steiner, Benoit and Johnson, Steven and Fatahalian, Kayvon and Durand, Fredo and others},
  journal={ACM Transactions on Graphics (TOG)},
  volume={38},
  number={4},
  pages={1--12},
  year={2019},
  publisher={ACM New York, NY, USA}
}
@inproceedings{fursin2008milepost,
  title={MILEPOST GCC: machine learning based research compiler},
  author={Fursin, Grigori and Miranda, Cupertino and Temam, Olivier and Namolaru, Mircea and Yom-Tov, Elad and Zaks, Ayal and Mendelson, Bilha and Bonilla, Edwin and Thomson, John and Leather, Hugh and others},
  year={2008}
}
@article{huang2015effect,
  title={The effect of compiler optimizations on high-level synthesis-generated hardware},
  author={Huang, Qijing and Lian, Ruolong and Canis, Andrew and Choi, Jongsok and Xi, Ryan and Calagar, Nazanin and Brown, Stephen and Anderson, Jason},
  journal={ACM Transactions on Reconfigurable Technology and Systems (TRETS)},
  volume={8},
  number={3},
  pages={14},
  year={2015},
  publisher={ACM}
}
@inproceedings{huang2013effect,
  title={The effect of compiler optimizations on high-level synthesis for FPGAs},
  author={Huang, Qijing and Lian, Ruolong and Canis, Andrew and Choi, Jongsok and Xi, Ryan and Brown, Stephen and Anderson, Jason},
  booktitle={Field-Programmable Custom Computing Machines (FCCM), 2013 IEEE 21st Annual International Symposium on},
  pages={89--96},
  year={2013},
  organization={IEEE}
}
@article{nuzman2006auto,
  title={Auto-vectorization of interleaved data for SIMD},
  author={Nuzman, Dorit and Rosen, Ira and Zaks, Ayal},
  journal={ACM SIGPLAN Notices},
  volume={41},
  number={6},
  pages={132--143},
  year={2006},
  publisher={ACM}
}
@inproceedings{trifunovic2009polyhedral,
  title={Polyhedral-model guided loop-nest auto-vectorization},
  author={Trifunovic, Konrad and Nuzman, Dorit and Cohen, Albert and Zaks, Ayal and Rosen, Ira},
  booktitle={2009 18th International Conference on Parallel Architectures and Compilation Techniques},
  pages={327--337},
  year={2009},
  organization={IEEE}
}
@inproceedings{porpodas2015pslp,
  title={PSLP: Padded SLP automatic vectorization},
  author={Porpodas, Vasileios and Magni, Alberto and Jones, Timothy M},
  booktitle={Proceedings of the 13th Annual IEEE/ACM International Symposium on Code Generation and Optimization},
  pages={190--201},
  year={2015},
  organization={IEEE Computer Society}
}
@inproceedings{nuzman2011vapor,
  title={Vapor SIMD: Auto-vectorize once, run everywhere},
  author={Nuzman, Dorit and Dyshel, Sergei and Rohou, Erven and Rosen, Ira and Williams, Kevin and Yuste, David and Cohen, Albert and Zaks, Ayal},
  booktitle={Proceedings of the 9th Annual IEEE/ACM International Symposium on Code Generation and Optimization},
  pages={151--160},
  year={2011},
  organization={IEEE Computer Society}
}
@inproceedings{porpodas2017supergraph,
  title={SuperGraph-SLP Auto-Vectorization},
  author={Porpodas, Vasileios},
  booktitle={2017 26th International Conference on Parallel Architectures and Compilation Techniques (PACT)},
  pages={330--342},
  year={2017},
  organization={IEEE}
}
@inproceedings{mcfarlin2011automatic,
  title={Automatic SIMD vectorization of fast fourier transforms for the larrabee and AVX instruction sets},
  author={McFarlin, Daniel S and Arbatov, Volodymyr and Franchetti, Franz and Puschel, Markus},
  booktitle={Proceedings of the international conference on Supercomputing},
  pages={265--274},
  year={2011},
  organization={ACM}
}
@book{larsen2000exploiting,
  title={Exploiting superword level parallelism with multimedia instruction sets},
  author={Larsen, Samuel and Amarasinghe, Saman},
  volume={35},
  number={5},
  year={2000},
  publisher={ACM}
}
@inproceedings{porpodas2015throttling,
  title={Throttling automatic vectorization: When less is more},
  author={Porpodas, Vasileios and Jones, Timothy M},
  booktitle={2015 International Conference on Parallel Architecture and Compilation (PACT)},
  pages={432--444},
  year={2015},
  organization={IEEE}
}
@inproceedings{mendis2019compiler,
  title={Compiler Auto-Vectorization with Imitation Learning},
  author={Mendis, Charith and Yang, Cambridge and Pu, Yewen and Amarasinghe, Saman and Carbin, Michael},
  booktitle={Advances in Neural Information Processing Systems},
  pages={14598--14609},
  year={2019}
}
@inproceedings{tian2016llvm,
  title={LLVM framework and IR extensions for parallelization, SIMD vectorization and offloading},
  author={Tian, Xinmin and Saito, Hideki and Su, Ernesto and Gaba, Abhinav and Masten, Matt and Garcia, Eric and Zaks, Ayal},
  booktitle={2016 Third Workshop on the LLVM Compiler Infrastructure in HPC (LLVM-HPC)},
  pages={21--31},
  year={2016},
  organization={IEEE}
}
@article{stock2012using,
  title={Using machine learning to improve automatic vectorization},
  author={Stock, Kevin and Pouchet, Louis-No{\"e}l and Sadayappan, P},
  journal={ACM Transactions on Architecture and Code Optimization (TACO)},
  volume={8},
  number={4},
  pages={50},
  year={2012},
  publisher={ACM}
}
@article{mendis2018ithemal,
  title={Ithemal: Accurate, portable and fast basic block throughput estimation using deep neural networks},
  author={Mendis, Charith and Renda, Alex and Amarasinghe, Saman and Carbin, Michael},
  journal={arXiv preprint arXiv:1808.07412},
  year={2018}
}
@inproceedings{cummins2017end,
  title={End-to-end deep learning of optimization heuristics},
  author={Cummins, Chris and Petoumenos, Pavlos and Wang, Zheng and Leather, Hugh},
  booktitle={2017 26th International Conference on Parallel Architectures and Compilation Techniques (PACT)},
  pages={219--232},
  year={2017},
  organization={IEEE}
}
@inproceedings{rahman2010neural,
  title={Neural network assisted tile size selection},
  author={Rahman, Mohammed and Pouchet, Louis-No{\"e}l and Sadayappan, P},
  booktitle={International Workshop on Automatic Performance Tuning (IWAPT’2010). Berkeley, CA: Springer Verlag},
  year={2010}
}
@inproceedings{2012Kulkarni,
 author = {Kulkarni, Sameer and Cavazos, John},
 title = {Mitigating the Compiler Optimization Phase-ordering Problem Using Machine Learning},
 booktitle = {Proceedings of the ACM International Conference on Object Oriented Programming Systems Languages and Applications},
 series = {OOPSLA '12},
 year = {2012},
} 
@inproceedings{2003Stephenson,
 author = {Stephenson, Mark and Amarasinghe, Saman and Martin, Martin and O'Reilly, Una-May},
 title = {Meta Optimization: Improving Compiler Heuristics with Machine Learning},
 booktitle = {Proceedings of the ACM SIGPLAN 2003 Conference on Programming Language Design and Implementation},
 series = {PLDI '03},
 year = {2003},
} 

@inproceedings{agakov2006using,
  title={Using machine learning to focus iterative optimization},
  author={Agakov, Felix and Bonilla, Edwin and Cavazos, John and Franke, Bjorn and Fursin, Grigori and O'Boyle, Michael FP and Thomson, John and Toussaint, Marc and Williams, Christopher KI},
  booktitle={Proceedings of the International Symposium on Code Generation and Optimization},
  pages={295--305},
  year={2006},
  organization={IEEE Computer Society}
}
@article{ashouri2018survey,
  title={A survey on compiler autotuning using machine learning},
  author={Ashouri, Amir H and Killian, William and Cavazos, John and Palermo, Gianluca and Silvano, Cristina},
  journal={ACM Computing Surveys (CSUR)},
  volume={51},
  number={5},
  pages={1--42},
  year={2018},
  publisher={ACM New York, NY, USA}
}
@article{wang2018machine,
  title={Machine learning in compiler optimization},
  author={Wang, Zheng and O’Boyle, Michael},
  journal={Proceedings of the IEEE},
  volume={106},
  number={11},
  pages={1879--1901},
  year={2018},
  publisher={IEEE}
}
@article{chen2018tvm,
  title={TVM: end-to-end optimization stack for deep learning},
  author={Chen, Tianqi and Moreau, Thierry and Jiang, Ziheng and Shen, Haichen and Yan, Eddie and Wang, Leyuan and Hu, Yuwei and Ceze, Luis and Guestrin, Carlos and Krishnamurthy, Arvind},
  journal={arXiv preprint arXiv:1802.04799},
  year={2018}
}
@inproceedings{chen2018learning,
  title={Learning to optimize tensor programs},
  author={Chen, Tianqi and Zheng, Lianmin and Yan, Eddie and Jiang, Ziheng and Moreau, Thierry and Ceze, Luis and Guestrin, Carlos and Krishnamurthy, Arvind},
  booktitle={Advances in Neural Information Processing Systems},
  pages={3389--3400},
  year={2018}
}
@article{lattner2020mlir,
  title={MLIR: A Compiler Infrastructure for the End of Moore's Law},
  author={Lattner, Chris and Pienaar, Jacques and Amini, Mehdi and Bondhugula, Uday and Riddle, River and Cohen, Albert and Shpeisman, Tatiana and Davis, Andy and Vasilache, Nicolas and Zinenko, Oleksandr},
  journal={arXiv preprint arXiv:2002.11054},
  year={2020}
}
@inproceedings{baghdadi2019tiramisu,
  title={Tiramisu: A polyhedral compiler for expressing fast and portable code},
  author={Baghdadi, Riyadh and Ray, Jessica and Romdhane, Malek Ben and Del Sozzo, Emanuele and Akkas, Abdurrahman and Zhang, Yunming and Suriana, Patricia and Kamil, Shoaib and Amarasinghe, Saman},
  booktitle={2019 IEEE/ACM International Symposium on Code Generation and Optimization (CGO)},
  pages={193--205},
  year={2019},
  organization={IEEE}
}
@article{grosser2012polly,
  title={Polly—performing polyhedral optimizations on a low-level intermediate representation},
  author={Grosser, Tobias and Groesslinger, Armin and Lengauer, Christian},
  journal={Parallel Processing Letters},
  volume={22},
  number={04},
  pages={1250010},
  year={2012},
  publisher={World Scientific}
}
@inproceedings{bondhugula2008practical,
  title={A practical automatic polyhedral parallelizer and locality optimizer},
  author={Bondhugula, Uday and Hartono, Albert and Ramanujam, Jagannathan and Sadayappan, Ponnuswamy},
  booktitle={Proceedings of the 29th ACM SIGPLAN Conference on Programming Language Design and Implementation},
  pages={101--113},
  year={2008}
}
@inproceedings{baghdadi2015pencil,
  title={Pencil: A platform-neutral compute intermediate language for accelerator programming},
  author={Baghdadi, Riyadh and Beaugnon, Ulysse and Cohen, Albert and Grosser, Tobias and Kruse, Michael and Reddy, Chandan and Verdoolaege, Sven and Betts, Adam and Donaldson, Alastair F and Ketema, Jeroen and others},
  booktitle={2015 International Conference on Parallel Architecture and Compilation (PACT)},
  pages={138--149},
  year={2015},
  organization={IEEE}
}
@article{reddy1977speech,
  title={Speech understanding systems: A summary of results of the five-year research effort},
  author={Reddy, D Raj and others},
  journal={Department of Computer Science. Carnegie-Mellon University, Pittsburgh, PA},
  volume={17},
  year={1977}
}
@inproceedings{sioutas2018loop,
  title={Loop transformations leveraging hardware prefetching},
  author={Sioutas, Savvas and Stuijk, Sander and Corporaal, Henk and Basten, Twan and Somers, Lou},
  booktitle={Proceedings of the 2018 International Symposium on Code Generation and Optimization},
  pages={254--264},
  year={2018}
}
@article{vasilache2018tensor,
  title={Tensor comprehensions: Framework-agnostic high-performance machine learning abstractions},
  author={Vasilache, Nicolas and Zinenko, Oleksandr and Theodoridis, Theodoros and Goyal, Priya and DeVito, Zachary and Moses, William S and Verdoolaege, Sven and Adams, Andrew and Cohen, Albert},
  journal={arXiv preprint arXiv:1802.04730},
  year={2018}
}
@article{jangda2018effective,
  title={An effective fusion and tile size model for optimizing image processing pipelines},
  author={Jangda, Abhinav and Bondhugula, Uday},
  journal={ACM SIGPLAN Notices},
  volume={53},
  number={1},
  pages={261--275},
  year={2018},
  publisher={ACM New York, NY, USA}
}

@article{mullapudi2015polymage,
  title={Polymage: Automatic optimization for image processing pipelines},
  author={Mullapudi, Ravi Teja and Vasista, Vinay and Bondhugula, Uday},
  journal={ACM SIGARCH Computer Architecture News},
  volume={43},
  number={1},
  pages={429--443},
  year={2015},
  publisher={ACM New York, NY, USA}
}
@inproceedings{ansel2014opentuner,
  title={Opentuner: An extensible framework for program autotuning},
  author={Ansel, Jason and Kamil, Shoaib and Veeramachaneni, Kalyan and Ragan-Kelley, Jonathan and Bosboom, Jeffrey and O'Reilly, Una-May and Amarasinghe, Saman},
  booktitle={Proceedings of the 23rd international conference on Parallel architectures and compilation},
  pages={303--316},
  year={2014},
  organization={ACM}
}
@article{ahn2019reinforcement,
  title={Reinforcement Learning and Adaptive Sampling for Optimized DNN Compilation},
  author={Ahn, Byung Hoon and Pilligundla, Prannoy and Esmaeilzadeh, Hadi},
  journal={arXiv preprint arXiv:1905.12799},
  year={2019}
}
@inproceedings{huang2019autophase,
  title={Autophase: Compiler phase-ordering for hls with deep reinforcement learning},
  author={Huang, Qijing and Haj-Ali, Ameer and Moses, William and Xiang, John and Stoica, Ion and Asanovic, Krste and Wawrzynek, John},
  booktitle={2019 IEEE 27th Annual International Symposium on Field-Programmable Custom Computing Machines (FCCM)},
  pages={308--308},
  year={2019},
  organization={IEEE}
}
@article{ragan2013halide,
  title={Halide: a language and compiler for optimizing parallelism, locality, and recomputation in image processing pipelines},
  author={Ragan-Kelley, Jonathan and Barnes, Connelly and Adams, Andrew and Paris, Sylvain and Durand, Fredo and Amarasinghe, Saman},
  journal={Acm Sigplan Notices},
  volume={48},
  number={6},
  pages={519--530},
  year={2013},
  publisher={ACM New York, NY, USA}
}
@inproceedings{he2016deep,
  title={Deep residual learning for image recognition},
  author={He, Kaiming and Zhang, Xiangyu and Ren, Shaoqing and Sun, Jian},
  booktitle={Proceedings of the IEEE conference on computer vision and pattern recognition},
  pages={770--778},
  year={2016}
}
@article{kocsis2006improved,
  title={Improved monte-carlo search},
  author={Kocsis, Levente and Szepesvari, Csaba and Willemson, Jan},
  journal={Univ. Tartu, Estonia, Tech. Rep},
  volume={1},
  year={2006}
}
@inproceedings{cummins2017synthesizing,
  title={Synthesizing benchmarks for predictive modeling},
  author={Cummins, Chris and Petoumenos, Pavlos and Wang, Zheng and Leather, Hugh},
  booktitle={2017 IEEE/ACM International Symposium on Code Generation and Optimization (CGO)},
  pages={86--99},
  year={2017},
  organization={IEEE}
}
@inproceedings{haj2020autophase,
  title={AutoPhase: Juggling HLS Phase Orderings in Random Forests with Deep Reinforcement Learning},
  author={Haj-Ali, Ameer and Huang, Qijing and Moses, William and Xiang, John and Wawrzynek, John and Asanovic, Krste and Stoica, Ion},
  booktitle={Third Conference on Machine Learning and Systems (ML-Sys)},
  year={2020}
}
@inproceedings{haj2020neurovectorizer,
  title={NeuroVectorizer: end-to-end vectorization with deep reinforcement learning},
  author={Haj-Ali, Ameer and Ahmed, Nesreen K and Willke, Ted and Shao, Yakun Sophia and Asanovic, Krste and Stoica, Ion},
  booktitle={Proceedings of the 18th ACM/IEEE International Symposium on Code Generation and Optimization},
  pages={242--255},
  year={2020}
}


@article{mullapudi2016automatically,
  title={Automatically scheduling halide image processing pipelines},
  author={Mullapudi, Ravi Teja and Adams, Andrew and Sharlet, Dillon and Ragan-Kelley, Jonathan and Fatahalian, Kayvon},
  journal={ACM Transactions on Graphics (TOG)},
  volume={35},
  number={4},
  pages={1--11},
  year={2016},
  publisher={ACM New York, NY, USA}
}

@article{sioutas2019schedule,
  title={Schedule synthesis for halide pipelines through reuse analysis},
  author={Sioutas, Savvas and Stuijk, Sander and Waeijen, Luc and Basten, Twan and Corporaal, Henk and Somers, Lou},
  journal={ACM Transactions on Architecture and Code Optimization (TACO)},
  volume={16},
  number={2},
  pages={1--22},
  year={2019},
  publisher={ACM New York, NY, USA}
}

@article{jakl2011arimaa,
  title={Arimaa challenge-comparission study of MCTS versus alpha-beta methods},
  author={Jakl, Tomas},
  year={2011},
  publisher={Univerzita Karlova, Matematicko-fyzikalni fakulta}
}

@article{halide_rungen, 
title={Running and Benchmarking Halide Generators}, 
journal={Halide GitHub Repository: https://github.com/halide/Halide/blob/master/README \_rungen.md}, 
author={Johnson, Steven}, 
year={2019}, 
month={Aug}}

